<?xml version="1.0" encoding="UTF-8"?><collection xmlns="http://www.loc.gov/MARC21/slim"><record><leader>00577nam--2200217-u-4500</leader><controlfield tag="001">000050322</controlfield><controlfield tag="002">20161230</controlfield><controlfield tag="003">81767</controlfield><controlfield tag="005">20161230201048</controlfield><controlfield tag="008">060531s1000------------r-----000-0-eng-d</controlfield><datafield ind1=" " ind2=" " tag="020"><subfield code="a">0387988920</subfield></datafield><datafield ind1=" " ind2=" " tag="040"><subfield code="a">IFIN-HH</subfield></datafield><datafield ind1=" " ind2=" " tag="080"><subfield code="a">530.145.7:539.12</subfield></datafield><datafield ind1="1" ind2=" " tag="100"><subfield code="a">Kaku, Michio</subfield></datafield><datafield ind1="1" ind2="0" tag="245"><subfield code="a">Strings, Conformal Fields, and M-Theory</subfield><subfield code="c">Michio Kaku</subfield></datafield><datafield ind1=" " ind2=" " tag="250"><subfield code="a">Second edition</subfield></datafield><datafield ind1=" " ind2=" " tag="260"><subfield code="a">New York</subfield><subfield code="b">Springer-Verlag</subfield><subfield code="c">2000</subfield></datafield><datafield ind1=" " ind2=" " tag="300"><subfield code="a">xv, 531 p</subfield></datafield><datafield ind1=" " ind2=" " tag="490"><subfield code="a">Graduate Texts in Contemporary Physics</subfield></datafield><datafield ind1=" " ind2=" " tag="852"><subfield code="a">81767</subfield><subfield code="c">539.12</subfield></datafield><datafield ind1=" " ind2=" " tag="CAT"><subfield code="a">Sys</subfield><subfield code="c">20150415</subfield><subfield code="h">150557</subfield></datafield></record></collection>